001  0000092
005  20180822175420.782
008  170614s||||     bl|||||||||||||||||por|u
020    $a9788593043017
040    $aPorto Alegre$bpor
080    $2869.0(81)-1$a1997
090    $a869.0(81)-1$bR672n
100 1  $aRocha, Lilian Rose Marques da
245 10 $a Negra Soul$cLilian Rose Marques da Rocha
260    $aPorto Alegre$bAlternativa$c2016
300    $a80 p.$bil.
650    $aPoemas
650    $aPoesia
650    $aMúsica 
